@misc{geant,
  title = {Geant4 documentation and official site},
  howpublished = {\url{https://geant4.web.cern.ch/}}
}

@misc{nebula,
  title = {{NEBULA} detector official site},
  howpublished = {\url{http://be.nucl.ap.titech.ac.jp/~nebula/index.php}}
}

@misc{masterdesky,
  title = {Balázs {Pál} {NEBULA} github},
  howpublished = {\url{https://github.com/masterdesky/ELTE_Modelling_Lab_2021/tree/main/project/project_nebula/NEBULA}}
}

@misc{borbende,
  title = {Bendegúz {Borkovits} github},
  howpublished = {\url{https://github.com/borbende/Scientific-Modelling-Computer-lab/tree/main/postmidterm2}}
}