@misc{youtube,
  title = {Tutorials by Physics Matters},
  howpublished = {\url{https://www.youtube.com/channel/UCyxwnZPodqQR0hUo5sapRFw}}
}

@misc{geant,
  title = {Geant4 documentation and official site},
  howpublished = {\url{https://geant4.web.cern.ch/}}
}